@inproceedings{2024SPIE13101.59Ftmp,
author = {Tiago {Ribeiro} and Dave Mills and Andy Clements},
title = "{Replacing DDS with Kafka as middleware technology for the Rubin Observatory Control System}",
volume = 13101,
year = 2024,
pages = {13101-59, in press},
editor = {Jorge Ibsen and Gianluca Chiozzi},
series = "Society of Photo-Optical Instrumentation Engineers (SPIE) Conference Series",
booktitle = "Software and Cyberinfrastructure for Astronomy VIII",
url = {https://dx.doi.org/doi#here},
}

@INPROCEEDINGS{2022SPIE12189E..0MG,
       author = {{Guy}, Leanne P. and {Bechtol}, Keith and {Carlin}, Jeffrey L. and {Dennihy}, Erik and {Ferguson}, Peter S. and {Krughoff}, K. Simon and {Lupton}, Robert H. and {Slater}, Colin T. and {Findeisen}, Krzysztof and {Kannawadi}, Arun and {Kelvin}, Lee S. and {Lust}, Nate B. and {MacArthur}, Lauren A. and {Martinez}, Michael N. and {Reed}, Sophie L. and {Taranu}, Dan S. and {Wood-Vasey}, W. Michael},
        title = "{Faro: a framework for measuring the scientific performance of petascale Rubin Observatory data products}",
     keywords = {Astrophysics - Instrumentation and Methods for Astrophysics},
    booktitle = {Software and Cyberinfrastructure for Astronomy VII},
         year = 2022,
       series = {Society of Photo-Optical Instrumentation Engineers (SPIE) Conference Series},
       volume = {12189},
        month = aug,
          eid = {121890M},
        pages = {121890M},
          doi = {10.1117/12.2628887},
archivePrefix = {arXiv},
       eprint = {2206.15447},
 primaryClass = {astro-ph.IM},
       adsurl = {https://ui.adsabs.harvard.edu/abs/2022SPIE12189E..0MG},
      adsnote = {Provided by the SAO/NASA Astrophysics Data System}
}
@MISC{2019ivoa.spec.0927D,
       author = {{Dowler}, Patrick and {Rixon}, Guy and {Tody}, Doug and {Demleitner}, Markus},
        title = "{Table Access Protocol Version 1.1}",
 howpublished = {IVOA Recommendation 27 September 2019},
         year = 2019,
        month = sep,
        pages = {927},
          doi = {10.5479/ADS/bib/2019ivoa.spec.0927D},
       adsurl = {https://ui.adsabs.harvard.edu/abs/2019ivoa.spec.0927D},
      adsnote = {Provided by the SAO/NASA Astrophysics Data System}
}
